@InProceedings{chen2023overview,
title={Overview of the Development of Secure Access Service Edge},
author={Chen, Ruihao and Yue, Su and Zhao, Weibo and Fei, Ma and Wei, Li},
booktitle={Signal and Information Processing, Networking and Computers: Proceedings of the 10th International Conference on Signal and Information Processing, Networking and Computers (ICSINC)},
isbn={978-981-19-9967-3},
pages={138--145},
address={52 Huayuan Bei Lu, Beijing, China},
year={2023},
organization={Springer},
note={Dostupné z: \url{https://link.springer.com/chapter/10.1007/978-981-19-9968-0_17}}
}
@MastersThesis{Dohnal2022thesis,
author = {Dohnal, Vojtěch},
title = {Microservices for Automated Threat Response to Phishing},
year = {2022},
school={Fakulta Informatiky MUNI v Brně},
type={Bakalářská práce},
address={Brno, Česká Republika},
note={Dostupné z: \url{https://is.muni.cz/th/e58fc/}},
}
@Book{fields2018handbook,
title={Handbook of research on information and cyber security in the fourth industrial revolution},
author={Fields, Ziska},
year={2018},
edition={1},
publisher={IGI Global},
address={University of KwaZulu-Natal, South Africa},
isbn={9781522547631},
note={Dostupné z: \url{https://www.academia.edu/38987286/Handbook_of_Research_on_Information_and_Cyber_Security_in_the_Fourth_Industrial_Revolution}}
}
@MastersThesis{hodes2015moderni,
title={Moderní kybernetické útoky},
author={Hodes, Vojtěch},
year={2015},
school={Fakulta informačních technologií VUT v Brně},
type={Bakalářská práce},
address={Brno, Česká Republika},
note={Dostupné z: \url{https://www.vut.cz/studenti/zav-prace/detail/85240}},
}
@Book{johnson2015cybersecurity,
title={Cybersecurity: Protecting critical infrastructures from cyber attack and cyber warfare},
author={Johnson, Thomas A},
year={2015},
isbn={9781482239232},
publisher={CRC Press},
edition={1},
address={St.Louis,Missouri, USA},
note={Dostupné z: \url{bit.ly/41d3l22}}
}
@Article{poireault-infosecmagazine-q1-2023,
  author = {Poireault, Kevin},
  title = {A new tool in the cyber-criminals' playbook},
  journal = {Infosecurity Magazine},
  year = {2023},
  volume = {20},
  number = {1},
  pages = {9--11},
  issn={1754-4548},
  note={Dostupné z: \url{https://bit.ly/3mwQHMv}},
}
@Article{pratt2022history,
author={Pratt, Mary K.},
title={The history and evolution of zero-trust security {\rm [online]}},
journal={techtarget},
year={2022},
month={10},
note={Dostupné z: \url{https://bit.ly/3mC7eyB}},
}
@Article{sayegh2022top,
  title={Top Cybersecurity Predictions 2023 {\rm [online]}},
  author={Sayegh, Emil},
  journal={Forbes},
  year={2022},
  month={12},
  note={Dostupné z: \url{https://www.forbes.com/sites/emilsayegh/2022/12/15/top-cybersecurity-predictions-2023/?sh=6c5e73ef1d09}}
}
@Article{sennovate:2023,
  journal = {Sennovate},
  author = {Sennovate},
  title = {The Role of Artificial Intelligence in Detecting Phishing Attacks {\rm [online]}},
  year = {2023},
  month = {1},
  day = {3},
  note={Dostupné z: \url{https://bit.ly/3MHrR7a}},
}
@Article{10.1093/cybsec/tyab012,
author = {Wash, Rick and Rader, Emilee},
title = {Prioritizing security over usability: Strategies for how people choose passwords},
journal = {Journal of Cybersecurity},
volume = {7},
number = {1},
year = {2021},
month = {06},
issn = {2057-2085},
note = {Dostupné z: \url{https://academic.oup.com/cybersecurity/article-pdf/7/1/tyab012/38462200/tyab012.pdf}},
}